@article{cortes1995support,
  title={Support vector machine},
  author={Cortes, Corinna and Vapnik, Vladimir},
  journal={Machine learning},
  volume={20},
  number={3},
  pages={273--297},
  year={1995}
}

@inproceedings{DBLP:conf/icml/SutskeverMDH13,
author = {Sutskever, I and Martens, J and Dahl, G E and Hinton, G E},
booktitle = {ICML (3)},
pages = {1139--1147},
title = {{On the importance of initialization and momentum in deep learning}},
year = {2013}
}

@book{mitchell1997machine,
  title={Machine Learning},
  author={MITCHELL, Tom and HILL, McGraw},
  year={1997},
  publisher={McGraw-Hill Science/Engineering/Math}
}

@book{vapnik1998statistical,
  title={Statistical learning theory},
  author={Vapnik, Vladimir Naumovich and Vapnik, Vlamimir},
  volume={1},
  year={1998},
  publisher={Wiley New York}
}
